@Book{ashcroftmermin,
author = {N. W. Ashcroft and N. D. Mermin},
title = {Solid State Physics},
publisher = {Saunders College Publishing},
year = {1976},
}
@Book{blundell_book,
author = {S. Blundell},
title = {Magnetism in Condensed Matter},
publisher = {Oxford University Press},
year = {2001},
}
